<record><leader>00000cas a2200000 a 4500</leader><controlfield tag="001">33341929</controlfield><controlfield tag="008">951020d18681868vtudn ne      0    0eng c</controlfield><datafield ind1=" " ind2=" " tag="010"><subfield code="a">sn 95062385 </subfield></datafield><datafield ind1=" " ind2=" " tag="040"><subfield code="a">CUY</subfield><subfield code="b">eng</subfield><subfield code="c">CNK</subfield><subfield code="d">NVN</subfield><subfield code="d">DLC</subfield><subfield code="d">OCLCQ</subfield><subfield code="d">OCLCF</subfield><subfield code="d">OCLCO</subfield></datafield><datafield ind1="1" ind2=" " tag="029"><subfield code="a">AU@</subfield><subfield code="b">000013495837</subfield></datafield><datafield ind1=" " ind2=" " tag="042"><subfield code="a">pcc</subfield></datafield><datafield ind1=" " ind2=" " tag="043"><subfield code="a">n-us-vt</subfield></datafield><datafield ind1="0" ind2="0" tag="050"><subfield code="a">Newspaper</subfield></datafield><datafield ind1="0" ind2=" " tag="130"><subfield code="a">Burlington daily free press (Burlington, Vt. : 1868)</subfield></datafield><datafield ind1="1" ind2="0" tag="245"><subfield code="a">Burlington daily free press.</subfield></datafield><datafield ind1="3" ind2=" " tag="246"><subfield code="a">Burlington free press</subfield></datafield><datafield ind1=" " ind2=" " tag="260"><subfield code="a">Burlington, Vt. :</subfield><subfield code="b">Free Press Association,</subfield><subfield code="c">1868.</subfield></datafield><datafield ind1=" " ind2=" " tag="300"><subfield code="a">v.</subfield></datafield><datafield ind1=" " ind2=" " tag="310"><subfield code="a">Daily (except Sunday)</subfield></datafield><datafield ind1="0" ind2=" " tag="362"><subfield code="a">Vol. 21, no. 84 (July 10, 1868)-v. 21, no. 236 (Dec. 31, 1868).</subfield></datafield><datafield ind1=" " ind2=" " tag="500"><subfield code="a">"Daily" appears above masthead ornament.</subfield></datafield><datafield ind1=" " ind2=" " tag="500"><subfield code="a">Morning and evening eds. issued, July 10-Dec. 31, 1868.</subfield></datafield><datafield ind1=" " ind2=" " tag="580"><subfield code="a">Merged with: Burlington daily times (Burlington, Vt. : 1868) to form: Burlington daily free press and times (Burlington, Vt. : 1869).</subfield></datafield><datafield ind1=" " ind2="0" tag="651"><subfield code="a">Burlington (Vt.)</subfield><subfield code="v">Newspapers.</subfield></datafield><datafield ind1=" " ind2="7" tag="655"><subfield code="a">Newspapers.</subfield><subfield code="2">fast</subfield><subfield code="0">(OCoLC)fst01423814</subfield></datafield><datafield ind1=" " ind2="7" tag="651"><subfield code="a">Vermont</subfield><subfield code="z">Burlington.</subfield><subfield code="2">fast</subfield><subfield code="0">(OCoLC)fst01207603</subfield></datafield><datafield ind1=" " ind2=" " tag="752"><subfield code="a">United States</subfield><subfield code="b">Vermont</subfield><subfield code="c">Chittenden</subfield><subfield code="d">Burlington.</subfield></datafield><datafield ind1="0" ind2=" " tag="775"><subfield code="t">Burlington free press (Burlington, Vt. : 1827)</subfield><subfield code="w">(DLC)sn 84023127</subfield></datafield><datafield ind1="0" ind2="0" tag="780"><subfield code="t">Daily free press (Burlington, Vt.)</subfield><subfield code="w">(DLC)sn 83025692</subfield></datafield><datafield ind1="1" ind2="7" tag="785"><subfield code="t">Burlington daily times (Burlington, Vt. : 1868)</subfield><subfield code="w">(DLC)sn 86071617</subfield><subfield code="w">(OCoLC)13745317</subfield></datafield><datafield ind1="1" ind2="7" tag="785"><subfield code="t">Burlington daily free press and times (Burlington, Vt. : 1869)</subfield><subfield code="w">(DLC)sn 84023041</subfield><subfield code="w">(OCoLC)10713226</subfield></datafield></record>